
@article{abrahams2019,
	title = {Social-emotional skill assessment in children and adolescents: Advances and challenges in personality, clinical, and educational contexts.},
	author = {Abrahams, Loes and Pancorbo, Gina and Primi, Ricardo and Santos, Daniel and Kyllonen, Patrick and John, Oliver P. and De Fruyt, Filip},
	year = {2019},
	month = {04},
	date = {2019-04},
	journal = {Psychological Assessment},
	pages = {460--473},
	volume = {31},
	number = {4},
	doi = {10.1037/pas0000591},
	url = {http://doi.apa.org/getdoi.cfm?doi=10.1037/pas0000591},
	langid = {en}
}

@article{abrahams2019,
	title = {Social-emotional skill assessment in children and adolescents: Advances and challenges in personality, clinical, and educational contexts.},
	author = {Abrahams, Loes and Pancorbo, Gina and Primi, Ricardo and Santos, Daniel and Kyllonen, Patrick and John, Oliver P. and De Fruyt, Filip},
	year = {2019},
	month = {04},
	date = {2019-04},
	journal = {Psychological Assessment},
	pages = {460--473},
	volume = {31},
	number = {4},
	doi = {10.1037/pas0000591},
	url = {http://doi.apa.org/getdoi.cfm?doi=10.1037/pas0000591},
	langid = {en}
}

@article{abrahams2019,
	title = {Social-emotional skill assessment in children and adolescents: Advances and challenges in personality, clinical, and educational contexts.},
	author = {Abrahams, Loes and Pancorbo, Gina and Primi, Ricardo and Santos, Daniel and Kyllonen, Patrick and John, Oliver P. and De Fruyt, Filip},
	year = {2019},
	month = {04},
	date = {2019-04},
	journal = {Psychological Assessment},
	pages = {460--473},
	volume = {31},
	number = {4},
	doi = {10.1037/pas0000591},
	url = {http://doi.apa.org/getdoi.cfm?doi=10.1037/pas0000591},
	langid = {en}
}

@article{abdulkadiroglu2016,
	title = {Charters without Lotteries: Testing Takeovers in New Orleans and Boston},
	author = {{Abdulkadiro{\u{g}}lu}, Atila and Angrist, Joshua D. and Hull, Peter D. and Pathak, Parag A.},
	year = {2016},
	month = {07},
	date = {2016-07-01},
	journal = {American Economic Review},
	pages = {1878--1920},
	volume = {106},
	number = {7},
	doi = {10.1257/aer.20150479},
	url = {https://pubs.aeaweb.org/doi/10.1257/aer.20150479},
	langid = {en}
}

@article{abdulkadiroglu2016,
	title = {Charters without Lotteries: Testing Takeovers in New Orleans and Boston},
	author = {{Abdulkadiro{\u{g}}lu}, Atila and Angrist, Joshua D. and Hull, Peter D. and Pathak, Parag A.},
	year = {2016},
	month = {07},
	date = {2016-07-01},
	journal = {American Economic Review},
	pages = {1878--1920},
	volume = {106},
	number = {7},
	doi = {10.1257/aer.20150479},
	url = {https://pubs.aeaweb.org/doi/10.1257/aer.20150479},
	langid = {en}
}

@article{abdulkadiroglu2016,
	title = {Charters without Lotteries: Testing Takeovers in New Orleans and Boston},
	author = {{Abdulkadiro{\u{g}}lu}, Atila and Angrist, Joshua D. and Hull, Peter D. and Pathak, Parag A.},
	year = {2016},
	month = {07},
	date = {2016-07-01},
	journal = {American Economic Review},
	pages = {1878--1920},
	volume = {106},
	number = {7},
	doi = {10.1257/aer.20150479},
	url = {https://pubs.aeaweb.org/doi/10.1257/aer.20150479},
	langid = {en}
}

@article{bernheim1994,
	title = {A Theory of Conformity},
	author = {Bernheim, B. Douglas},
	year = {1994},
	month = {10},
	date = {1994-10},
	journal = {Journal of Political Economy},
	pages = {841--877},
	volume = {102},
	number = {5},
	doi = {10.1086/261957},
	url = {https://www.journals.uchicago.edu/doi/10.1086/261957},
	langid = {en}
}

@article{cialdini2004,
	title = {Social Influence: Compliance and Conformity},
	author = {Cialdini, Robert B. and Goldstein, Noah J.},
	year = {2004},
	month = {02},
	date = {2004-02-01},
	journal = {Annual Review of Psychology},
	pages = {591--621},
	volume = {55},
	number = {1},
	doi = {10.1146/annurev.psych.55.090902.142015},
	url = {https://www.annualreviews.org/doi/10.1146/annurev.psych.55.090902.142015},
	langid = {en}
}

@article{dietvorst2015,
	title = {Algorithm Aversion: People Erroneously Avoid Algorithms After Seeing Them Err},
	author = {Dietvorst, Berkeley J and Simmons, Joseph P and Massey, Cade},
	year = {2015},
	date = {2015},
	journal = {Journal of Experimental Psychology: General},
	pages = {114--126},
	volume = {144},
	number = {1},
	langid = {en}
}

@article{asch1956,
	title = {Studies of independence and conformity: I. A minority of one against a unanimous majority},
	author = {Asch, Solomon E.},
	year = {1956},
	date = {1956},
	journal = {Psychological Monographs: General and Applied},
	pages = {1--70},
	volume = {70},
	doi = {10.1037/h0093718},
	note = {Place: US
Publisher: American Psychological Association}
}

@book{liel2020,
	title = {What If an AI Told You That 2 + 2 Is 5? Conformity to Algorithmic Recommendations},
	author = {Liel, Yotam and Zalmanson, Lior},
	year = {2020},
	month = {12},
	date = {2020-12-04}
}

@article{kahneman2016,
	title = {Noise. How to Overcome the High, Hidden Cost of Inconsistent Decision Making},
	author = {Kahneman, Daniel and Rosenfield, Andrew M and Gandhi, Linnea and Blaser, Tom},
	year = {2016},
	date = {2016},
	journal = {Harvard Business Review},
	pages = {38--46},
	langid = {en}
}

@article{kahneman2016a,
	title = {Noise. How to Overcome the High, Hidden Cost of Inconsistent Decision Making},
	author = {Kahneman, Daniel and Rosenfield, Andrew M and Gandhi, Linnea and Blaser, Tom},
	year = {2016},
	date = {2016},
	journal = {Harvard Business Review},
	pages = {38--46},
	langid = {en}
}

@book{kahneman2021,
	title = {Noise: A Flaw in Human Judgment},
	author = {Kahneman, Daniel and Sibony, Olivier and Sunstein, Cass R.},
	year = {2021},
	date = {2021},
	publisher = {Harper Collins}
}

@article{riedl2019,
	title = {Human{-}centered artificial intelligence and machine learning},
	author = {Riedl, Mark O.},
	year = {2019},
	month = {01},
	date = {2019-01},
	journal = {Human Behavior and Emerging Technologies},
	pages = {33--36},
	volume = {1},
	number = {1},
	doi = {10.1002/hbe2.117},
	url = {https://onlinelibrary.wiley.com/doi/10.1002/hbe2.117},
	langid = {en}
}

@article{dawes1989,
	title = {Clinical versus actuarial judgment},
	author = {Dawes, Robyn M and Faust, David and Meehl, Paul E},
	year = {1989},
	date = {1989},
	journal = {Science},
	pages = {1668{\textendash}1674},
	volume = {243},
	number = {4899},
	note = {Publisher: American Association for the Advancement of Science}
}

@article{sawyer1966,
	title = {Measurement and prediction, clinical and statistical.},
	author = {Sawyer, Jack},
	year = {1966},
	date = {1966},
	journal = {Psychological bulletin},
	pages = {178},
	volume = {66},
	number = {3},
	note = {Publisher: American Psychological Association}
}

@misc{apadict,
	title = {APA Dictionary of Psychology},
	url = {https://dictionary.apa.org/},
	langid = {en}
}

@misc{what-can,
	title = {What-can-machine-learning-do-Science.pdf},
	url = {https://drive.google.com/file/d/1pEyizN-MhuSmqhDdEVIu8hQ1D3sjwXkH/view?usp=embed_facebook}
}

@article{brynjolfsson2017,
	title = {What can machine learning do? Workforce implications},
	author = {Brynjolfsson, Erik and Mitchell, Tom},
	year = {2017},
	month = {12},
	date = {2017-12-22},
	journal = {Science},
	pages = {1530--1534},
	volume = {358},
	number = {6370},
	doi = {10.1126/science.aap8062},
	url = {https://www.science.org/doi/abs/10.1126/science.aap8062},
	note = {Publisher: American Association for the Advancement of Science}
}

@article{shrestha2019,
	title = {Organizational Decision-Making Structures in the Age of Artificial Intelligence},
	author = {Shrestha, Yash Raj and Ben-Menahem, Shiko M. and von Krogh, Georg},
	year = {2019},
	month = {08},
	date = {2019-08-01},
	journal = {California Management Review},
	pages = {66--83},
	volume = {61},
	number = {4},
	doi = {10.1177/0008125619862257},
	url = {https://doi.org/10.1177/0008125619862257},
	note = {Publisher: SAGE Publications Inc},
	langid = {en}
}

@article{logg2019,
	title = {Algorithm appreciation: People prefer algorithmic to human judgment},
	author = {Logg, Jennifer M. and Minson, Julia A. and Moore, Don A.},
	year = {2019},
	month = {03},
	date = {2019-03},
	journal = {Organizational Behavior and Human Decision Processes},
	pages = {90--103},
	volume = {151},
	doi = {10.1016/j.obhdp.2018.12.005},
	url = {https://linkinghub.elsevier.com/retrieve/pii/S0749597818303388},
	langid = {en}
}

@article{yeomans2019,
	title = {Making sense of recommendations},
	author = {Yeomans, Michael and Shah, Anuj and Mullainathan, Sendhil and Kleinberg, Jon},
	year = {2019},
	month = {10},
	date = {2019-10},
	journal = {Journal of Behavioral Decision Making},
	pages = {403--414},
	volume = {32},
	number = {4},
	doi = {10.1002/bdm.2118},
	url = {https://onlinelibrary.wiley.com/doi/10.1002/bdm.2118},
	langid = {en}
}

@article{grove2000,
	title = {Clinical versus mechanical prediction: A meta-analysis},
	author = {Grove, William M. and Zald, David H. and Lebow, Boyd S. and Snitz, Beth E. and Nelson, Chad},
	year = {2000},
	date = {2000},
	journal = {Psychological Assessment},
	pages = {19--30},
	volume = {12},
	doi = {10.1037/1040-3590.12.1.19},
	note = {Place: US
Publisher: American Psychological Association}
}

@article{kaufmann2021,
	title = {Algorithm appreciation or aversion? Comparing in-service and pre-service teachers{\textquoteright} acceptance of computerized expert models},
	author = {Kaufmann, Esther},
	year = {2021},
	month = {01},
	date = {2021-01-01},
	journal = {Computers and Education: Artificial Intelligence},
	pages = {100028},
	volume = {2},
	doi = {10.1016/j.caeai.2021.100028},
	url = {https://www.sciencedirect.com/science/article/pii/S2666920X21000229},
	langid = {en}
}

@article{amazons2018,
	title = {Amazon scraps secret AI recruiting tool that showed bias against women},
	year = {2018},
	month = {10},
	date = {2018-10-10},
	journal = {Reuters},
	url = {https://www.reuters.com/article/us-amazon-com-jobs-automation-insight-idUSKCN1MK08G},
	langid = {en}
}

@phdthesis{melick2020,
	title = {Development and Validation of a Measure of Algorithm Aversion},
	author = {Melick, Sarah Ruth},
	year = {2020},
	date = {2020},
	url = {https://www.proquest.com/docview/2405300583/abstract/4CA96334EBCA4475PQ/1},
	note = {ISBN: 9798643176763},
	address = {United States -- Ohio},
	langid = {English}
}

@article{deutsch1955,
	title = {A study of normative and informational social influences upon individual judgment},
	author = {Deutsch, Morton and Gerard, Harold B.},
	year = {1955},
	date = {1955},
	journal = {The Journal of Abnormal and Social Psychology},
	pages = {629--636},
	volume = {51},
	doi = {10.1037/h0046408},
	note = {Place: US
Publisher: American Psychological Association}
}

@article{bond1996,
	title = {Culture and Conformity: A Meta-Analysis of Studies Using Asch's (1952b, 1956) Line Judgment Task},
	author = {Bond, Rod and Smith, Peter B},
	year = {1996},
	date = {1996},
	journal = {Psychological Bulletin},
	pages = {111--137},
	volume = {119},
	number = {1}
}

@article{asch1995,
	title = {Foundations of Conformity and Obedience},
	author = {Asch, Solomon E},
	year = {1995},
	date = {1995},
	journal = {Psychological Dimensions of Organizational Behavior},
	pages = {267},
	note = {Publisher: Prentice Hall}
}

@article{dawes1979,
	title = {The robust beauty of improper linear models in decision making},
	author = {Dawes, Robyn M.},
	year = {1979},
	date = {1979},
	journal = {American Psychologist},
	pages = {571--582},
	volume = {34},
	number = {7},
	doi = {10.1037/0003-066X.34.7.571},
	note = {Place: US
Publisher: American Psychological Association}
}

@article{waters2013,
	title = {GRADE: Machine Learning Support for Graduate Admissions},
	author = {Waters, Austin and Miikkulainen, Risto},
	year = {2013},
	date = {2013},
	journal = {Proceedings of the 25th Conference on Innovative Applications of Artificial Intelligence},
	pages = {8},
	langid = {en}
}

@article{klucharev2009,
	title = {Reinforcement Learning Signal Predicts Social Conformity},
	author = {Klucharev, Vasily and {Hytönen}, Kaisa and Rijpkema, Mark and Smidts, Ale and {Fernández}, {Guillén}},
	year = {2009},
	month = {01},
	date = {2009-01-15},
	journal = {Neuron},
	pages = {140--151},
	volume = {61},
	number = {1},
	doi = {10.1016/j.neuron.2008.11.027},
	url = {https://www.sciencedirect.com/science/article/pii/S0896627308010209},
	langid = {en}
}

@article{salganik2006,
	title = {Experimental Study of Inequality and Unpredictability in an Artificial Cultural Market},
	author = {Salganik, Matthew J. and Dodds, Peter Sheridan and Watts, Duncan J.},
	year = {2006},
	month = {02},
	date = {2006-02-10},
	journal = {Science},
	pages = {854--856},
	volume = {311},
	number = {5762},
	doi = {10.1126/science.1121066},
	url = {https://www.science.org/doi/full/10.1126/science.1121066},
	note = {Publisher: American Association for the Advancement of Science}
}

@misc{simonsohn2014,
	title = {[17] No-way Interactions},
	author = {Simonsohn, Uri},
	year = {2014},
	month = {03},
	date = {2014-03-12},
	url = {http://datacolada.org/17},
	langid = {canadian}
}
